<record><leader>00000cas a22000007a 4500</leader><controlfield tag="001">13416043</controlfield><controlfield tag="008">860410d18781899wvumr ne      0    0eng d</controlfield><datafield ind1=" " ind2=" " tag="010"><subfield code="a">sn 86092467 </subfield></datafield><datafield ind1=" " ind2=" " tag="040"><subfield code="a">WVC</subfield><subfield code="b">eng</subfield><subfield code="c">WVC</subfield><subfield code="d">OCL</subfield><subfield code="d">OCLCQ</subfield></datafield><datafield ind1=" " ind2=" " tag="042"><subfield code="a">msc</subfield></datafield><datafield ind1="0" ind2="0" tag="245"><subfield code="a">Smith's index.</subfield></datafield><datafield ind1=" " ind2=" " tag="260"><subfield code="a">Parkersburg, W. Va. :</subfield><subfield code="b">Channing M. Smith</subfield></datafield><datafield ind1=" " ind2=" " tag="300"><subfield code="a">v.</subfield></datafield><datafield ind1=" " ind2=" " tag="310"><subfield code="a">Monthly</subfield></datafield><datafield ind1="1" ind2=" " tag="362"><subfield code="a">Began in 1878?</subfield><subfield code="z">Cf. Hardesty, H.H. Hardesty's Historical and Geographical Encyclopedia . . .Wood and Pleasants Counties.</subfield></datafield><datafield ind1="1" ind2=" " tag="362"><subfield code="a">Ceased in 1899?</subfield><subfield code="z">Cf. W. Va. State Gazetteers.</subfield></datafield><datafield ind1=" " ind2=" " tag="500"><subfield code="a">"Independent."</subfield></datafield><datafield ind1=" " ind2=" " tag="588"><subfield code="a">Description based on: Vol. 5, no. 1 (Jan. 9, 1878).</subfield></datafield><datafield ind1=" " ind2=" " tag="752"><subfield code="a">United States</subfield><subfield code="b">West Virginia</subfield><subfield code="c">Wood</subfield><subfield code="d">Parkersburg.</subfield></datafield></record>